%% This BibTeX bibliography file was created using BibDesk.
%% http://bibdesk.sourceforge.net/


%% Created for Emanuele Coviello at 2010-12-20 18:05:59 -0800


%% Saved with string encoding Unicode (UTF-8)

@article{khan2006machine,
  title={Machine-learning based classification of speech and music},
  author={Khan, M Kashif Saeed and Al-Khatib, Wasfi G},
  journal={Multimedia Systems},
  volume={12},
  number={1},
  pages={55--67},
  year={2006},
  publisher={Springer}
}

@inproceedings{anden2011multiscale,
  title={Multiscale Scattering for Audio Classification.},
  author={And{\'e}n, Joakim and Mallat, St{\'e}phane},
  booktitle={ISMIR},
  pages={657--662},
  year={2011}
}

@inproceedings{kim2002singer,
  title={Singer identification in popular music recordings using voice coding features},
  author={Kim, Youngmoo E and Whitman, Brian},
  booktitle={Proceedings of the 3rd International Conference on Music Information Retrieval},
  volume={13},
  pages={17},
  year={2002}
}

@article{marques1999study,
  title={A study of musical instrument classification using Gaussian mixture models and support vector machines},
  author={Marques, Janet and Moreno, Pedro J},
  journal={Cambridge Research Laboratory Technical Report Series CRL},
  volume={4},
  year={1999}
}

@inproceedings{durrieu2009main,
  title={Main instrument separation from stereophonic audio signals using a source/filter model},
  author={Durrieu, Jean-Louis and Ozerov, Alexey and F{\'e}votte, C{\'e}dric and Richard, Ga{\"e}l and David, Bertrand},
  booktitle={European Signal Processing Conference (EUSIPCO), Glasgow, Scotland},
  year={2009}
}

@inproceedings{klapuri2010sound,
  title={Sound source separation in monaural music signals using excitation-filter model and em algorithm},
  author={Klapuri, Anssi and Virtanen, Tuomas and Heittola, Toni},
  booktitle={Acoustics Speech and Signal Processing (ICASSP), 2010 IEEE International Conference on},
  pages={5510--5513},
  year={2010},
  organization={IEEE}
}

@article{laroche1994multichannel,
  title={Multichannel excitation/filter modeling of percussive sounds with application to the piano},
  author={Laroche, Jean and Meillier, J-L},
  journal={Speech and Audio Processing, IEEE Transactions on},
  volume={2},
  number={2},
  pages={329--344},
  year={1994},
  publisher={IEEE}
}

@article{vaizman2013codebook,
  title={Codebook based Audio Feature Representation for Music Information Retrieval},
  author={Vaizman, Yonatan and McFee, Brian and Lanckriet, Gert},
  journal={arXiv preprint arXiv:1312.5457},
  year={2013}
}


@inproceedings{li2005music,
  title={Music genre classification with taxonomy},
  author={Li, Tao and Ogihara, Mitsunori},
  booktitle={Acoustics, Speech, and Signal Processing, 2005. Proceedings.(ICASSP'05). IEEE International Conference on},
  volume={5},
  pages={v--197},
  year={2005},
  organization={IEEE}
}

@article{hong2012linear,
  title={On the linear convergence of the alternating direction method of multipliers},
  author={Hong, Mingyi and Luo, Zhi-Quan},
  journal={arXiv preprint arXiv:1208.3922},
  year={2012}
}

@article{ellis2013bag,
  title={A Bag of Systems Representation for Music Auto-tagging},
  author={Ellis, K. and Coviello, E. and Chan, A.B. and Lanckriet, G.},
  journal = {IEEE Transactions on Audio, Speech, and Language Processing},
  year={2013},
  volume={21-19},
  pages={2554--2569},
  publisher={IEEE}
}

@inproceedings{yeh2013dual,
  title={Dual-layer bag-of-frames model for music genre classification},
  author={Yeh, Chin-Chia Michael and Su, Li and Yang, Yi-Hsuan},
  booktitle={Proc. ICASSP},
  year={2013}
}

@inproceedings{bertin2012large,
  title={Large-scale cover song recognition using the 2d fourier transform magnitude},
  author={Bertin-Mahieux, Thierry and Ellis, Daniel PW},
  booktitle={Proceedings of the 13th International Conference on Music Information Retrieval (ISMIR 2012)},
  year={2012}
}

@inproceedings{ellis2007classifying,
  title={Classifying music audio with timbral and chroma features},
  author={Ellis, Daniel PW},
  booktitle={ISMIR 2007: Proceedings of the 8th International Conference on Music Information Retrieval: September 23-27, 2007, Vienna, Austria},
  pages={339--340},
  year={2007},
  organization={Austrian Computer Society}
}

@article{coates2010analysis,
  title={An analysis of single-layer networks in unsupervised feature learning},
  author={Coates, Adam and Lee, Honglak and Ng, Andrew Y},
  journal={Journal of Machine Learning (JMLR)},
  volume={15},
  pages={48109},
  year={2010}
}

@article{yoshii2008efficient,
  title={An efficient hybrid music recommender system using an incrementally trainable probabilistic generative model},
  author={Yoshii, Kazuyoshi and Goto, Masataka and Komatani, Kazunori and Ogata, Tetsuya and Okuno, Hiroshi G},
  journal={Audio, Speech, and Language Processing, IEEE Transactions on},
  volume={16},
  number={2},
  pages={435--447},
  year={2008},
  publisher={IEEE}
}

@inproceedings{foote1997content,
  title={Content-based retrieval of music and audio},
  author={Foote, Jonathan T},
  booktitle={Voice, Video, and Data Communications},
  pages={138--147},
  year={1997},
  organization={International Society for Optics and Photonics}
}

@article{jaccard,
    author  = {P. Jaccard},
    title   = {Etude comparative de la distribution florale dans une portion des Alpes et des Jura},
    journal = {Bulletin del la Soci´et´e Vaudoise des Sciences Naturelles},
    volume  = {37},
    pages   = {547--579},
    year    = {1901},
}

@article{celma:2010,
    author  = {O. Celma},
    title   = {Music recommendation and discovery in the long tail},
    publisher={Springer},
    year    = {2010},
}

@inproceedings{mcfee2010_learncf,
    author  = {McFee,, B. and Barrington,, L. and Lanckriet,, {G. R. G.}},
    year    = {2010},
    title   = {Learning similarity from collaborative filters},
    booktitle = {11th International Symposium for Music Information Retrieval
    (ISMIR2010))},
    month   = {August}
}

@article{mcfee2012-taslp,
    author  = {McFee,, B. and Barrington,, L. and Lanckriet},
    title   = {Learning content similarity for music recommendation},
    journal = {IEEE Transactions on Audio, Speech, and Language Processing},
    series  = {TASLP},
    volume  = {20},
    number  = {8},
    pages   = {2207--2218},
    month   = {October},
    year    = {2012}}

@inproceedings{mcfee10_mlr,
    author  = {McFee,, B. and Lanckriet,, {G. R. G.}},
    year    = {2010},
    title   = {Metric Learning to Rank},
    booktitle = {Proceedings of the 27th International Conference on Machine
    Learning (ICML'10)},
    month   = {June},
}

@article{Lyon:2010,
  title={Sound Retrieval and Ranking Using Sparse Auditory Representations},
  author={Lyon, R. and Rehn, M. and Bengio, S. and Walters, T., C. and Chechik, G.},
  journal={Neural Computation},
  volume={22},
  number={9},
  pages={2390--2416},
  year={2010}
}


@article{Jebara:04,
  title={Probability product kernels},
  author={Jebara, T. and Kondor, R. and Howard, A.},
  journal={The Journal of Machine Learning Research},
  volume={5},
  pages={819--844},
  year={2004}
}

@article{Mairal:10,
  title={Online Learning for Matrix Factorization and Sparse Coding},
  author={Mairal, J. and Bach, F. and Ponce, J. and Sapiro, G},
  journal={The Journal of Machine Learning Research},
  volume={11},
  pages={19--60},
  year={2010}
}

@article{Tibshirani:96,
  title={Regression Shrinkage and Selection via the Lasso},
  author={Tibshirani, R.},
  journal={Journal of the Royal Statistical Society. Series B (Methodological)},
  volume={58},
  number={1},
  pages={267--288},
  year={1996}
}



@article{Boyd:10,
  title={Distributed Optimization and Statistical Learning via the Alternating Direction Method of Multipliers},
  author={Boyd, S. and Parikh, N. and Chu, E. and Peleato, B. and Eckstein, J.},
  journal={Foundations and Trends in Machine Learning},
  volume={3},
  number={1},
  pages={1--122},
  year={2010}
}


@article{Dempster1977,
	Author = {A. P. Dempster and N. M. Laird and D. B. Rubin},
	Journal = {Journal of the Royal Statistical Society B},
	Pages = {1-38},
	Title = {Maximum likelihood from incomplete data via the {EM} algorithm},
	Volume = {39},
	Year = {1977}}


@article{Smith:2006,
	Title = {Efficient Auditory Coding},
	Author = {Smith, E., C. and Lewicki, M., S.},
	Journal = {Nature},
	Pages = {978-982},
	Volume = {439},
	Year = {2006}}

@inproceedings{Ellis:11,
  title={Semantic Annotation and Retrieval of Music Using a Bag of Systems Representation},
  author={Ellis, K. and Coviello, E. and Lanckriet, G.},
  booktitle={International Society for Music Information Retrieval conference (ISMIR)},
  year={2011}
}

@inproceedings{Henaff:2011,
  title={Unsupervised Learning of Sparse Features for Scalable Audio Classification},
  author={Henaff, M. and Jarrett, K. and Kavukcuoglu, K. and LeCun, Y.},
  booktitle={International Society for Music Information Retrieval conference (ISMIR)},
  pages={681--686},
  year={2011}
}

@inproceedings{Coates:2011,
  title={The Importance of Encoding Versus Training with Sparse Coding and Vector Quantization},
  author={Coates, A. and Ng, A. Y.},
  booktitle={International Conference on Machine Learning (ICML)},
  year={2011}
}

@inproceedings{Wulfing:12,
  title={Unsupervised Learning of Local Features for Music Classification},
  author={Wulfing, J. and Riedmiller, M.},
  booktitle={International Society for Music Information Retrieval conference (ISMIR)},
  pages={139--144},
  year={2012}
}

@inproceedings{Nam:12,
  title={Learning Sparse Feature Representations for Music Annotation and Retrieval},
  author={Nam, J. and Herrera, J. and Slaney, M. and Smith, J.},
  booktitle={International Society for Music Information Retrieval conference (ISMIR)},
  pages={565--570},
  year={2012}
}

@inproceedings{Yang:12,
  title={Complex Events Detection Using Data-Driven Concepts},
  author={Yang, Y. and Shah, M.},
  booktitle={ECCV},
  pages={722--735},
  year={2012}
}

@inproceedings{Ng:04,
  title={Feature selection, L1 vs. L2 regularization and rotational invariance},
  author={Ng, A., Y.},
  booktitle={International Conference on Machine Learning},
  year={2004}
}

@inproceedings{Yeh:12,
  title={Supervised Dictionary Learning for Music Genre Classification},
  author={Yeh, C. and C., M. and Yang, Y., H.},
  booktitle={ICMR},
  year={2012}
}

@inproceedings{barrington2008combining,
  title={Combining feature kernels for semantic music retrieval},
  author={Barrington, L. and Yazdani, M. and Turnbull, D. and Lanckriet, G.},
  journal={Proc. International Society for Music Information Retrieval conference (ISMIR) 2008},
  pages={723--728},
  year={2008}
}

@article{chang2011libsvm,
  title={LIBSVM: a library for support vector machines},
  author={Chang, C.C. and Lin, C.J.},
  journal={ACM Transactions on Intelligent Systems and Technology (TIST)},
  volume={2},
  number={3},
  pages={27},
  year={2011},
  publisher={ACM}
}

@inproceedings{law2009input,
  title={Input-agreement: a new mechanism for collecting data using human computation games},
  author={Law, E. and Von Ahn, L.},
  booktitle={Proceedings of the 27th international conference on Human factors in computing systems},
  pages={1197--1206},
  year={2009}
}

@inproceedings{barrington2009user,
  title={User-centered design of a social game to tag music},
  author={Barrington, L. and O'Malley, D. and Turnbull, D. and Lanckriet, G.},
  booktitle={Proceedings of the ACM SIGKDD Workshop on Human Computation},
  pages={7--10},
  year={2009},
  organization={ACM}
}

@article{Neumaier:01,
  title={Estimation of parameters and eigenmodes of multivariate autoregressive models},
  author={Neumaier, A. and Schneider, T.},
  journal={ACM Transactions on Mathematical Software (TOMS)},
  volume={27},
  number={1},
  pages={27--57},
  year={2001},
  publisher={ACM}
}

@inproceedings{Meng:05,
  title={An investigation of feature models for music genre classification using the support vector classifier},
  author={A. Meng and J. Shawe-Taylor},
  booktitle={Proc. International Society for Music Information Retrieval conference (ISMIR)},
  pages={604--609},
  year={2005}
}


%% In original order Joder is first, but latex switches authors when creating pdf, for some reason
%%  author={C. Joder, S. Essid  and G. Richard},

@article{Joder:09,
  title={Temporal integration for audio classification with application to musical instrument classification},
  author={S. Essid, C. Joder  and G. Richard},
  journal={IEEE Transactions on Audio, Speech, and Language Processing},
  volume={17},
  number={1},
  pages={174--186},
  year={2009},
  publisher={IEEE}
}

@inproceedings{Agarwal:04,
  title={Tracking articulated motion using a mixture of autoregressive models},
  author={A. Agarwal and B. Triggs},
  booktitle={ECCV - Lecture notes in computer science},
  pages={54--65},
  year={2004}
}

@inproceedings{hamel2011temporal,
  title={Temporal pooling and multiscale learning for automatic annotation and ranking of music audio},
  author={Hamel, P. and Lemieux, S. and Bengio, Y. and Eck, D.},
  year={2011},
  organization={International Society for Music Information Retrieval conference (ISMIR)}
}

@inproceedings{Hamel:2010,
  title={Learning Features from Music Audio with Deep Belief Networks},
  author={Hamel, P. and Eck, D.},
  year={2010},
  organization={International Society for Music Information Retrieval conference (ISMIR)}
}

@inproceedings{Manzagol:2008,
  title={on the use of Sparse Time-Relative Auditory Codes for Music},
  author={Manzagol, P., A. and Bertin-Mahieux, T. and Eck, D.},
  year={2008},
  organization={International Society for Music Information Retrieval conference (ISMIR)}
}

@inproceedings{Grosse:2007,
  title={Shift-invariant sparse coding for audio classification},
  author={Grosse, R. and Raina, R. and Kwong, H. and Ng, A., Y.},
  year={2007},
  organization={Conference on Uncertainty in AI}
}

@article{kittler1998combining,
  title={{Combining classifiers: A theoretical framework}},
  author={Kittler, J.},
  journal={Pattern Analysis and Applications},
  volume={1},
  number={1},
  pages={18--27},
  year={1998},
  publisher={Springer}
}

@conference{tomasik2009,
  title={{Using regression to combine data sources for semantic music discovery}},
  author={Tomasik, B. and Kim, J.H. and Ladlow, M. and Augat, M. and Tingle, D. and Wicentowski, R. and Turnbull, D.},
  Booktitle = {Proc. International Society for Music Information Retrieval conference (ISMIR)},
  pages={405-410},
  year={2009}
}

@inproceedings{coviello2010g,
  title={Automatic music tagging with time series models},
  author={Coviello, E. and Barrington, L. and Chan, A.B. and Lanckriet, G.R.G.},
  booktitle={Proceedings International Society for Music Information Retrieval conference (ISMIR)},
  year={2010}
}

@article{coviello2011,
  title={{Time Series Models for Semantic Music Annotation}},
  author={Coviello, E. and Chan, A. and Lanckriet, G.},
  journal={Audio, Speech, and Language Processing, IEEE Transactions on},
  volume={19},
  	Month = {July},
	Number = {5},
	pages={1343--1359},
  year={2011},
  publisher={IEEE}
}


@conference{logan2000mel,
	Author = {Logan, B.},
	Booktitle = {Proc. International Society for Music Information Retrieval conference (ISMIR)},
	Title = {{Mel frequency cepstral coefficients for music modeling}},
	Volume = {28},
	Year = {2000}}

@conference{mandel08,
	Author = {Mandel, M.I. and Ellis, D.P.W.},
	Booktitle = {Proc. International Society for Music Information Retrieval conference (ISMIR)},
	Title = {{Multiple-instance learning for music information retrieval}},
	Pages = {577--582},
	Year = {2008}}

@article{mandel06,
	Author = {Mandel, M.I. and Poliner, G.E. and Ellis, D.P.W.},
	Journal = {Multimedia systems},
	Number = {1},
	Pages = {3--13},
	Publisher = {Springer},
	Title = {{Support vector machine active learning for music retrieval}},
	Volume = {12},
	Year = {2006}}

@conference{barrington08,
	Author = {Barrington, L. and Yazdani, M. and Turnbull, D. and Lanckriet, G.},
	Booktitle = {Proc. International Society for Music Information Retrieval conference (ISMIR)},
	Title = {{Combining feature kernels for semantic music retrieval}},
	Year = {2008}}

@inproceedings{eck08,
	Author = {D. Eck and P. Lamere and T. Bertin-Mahieux and S. Green},
	Booktitle = {Advances in Neural Information Processing Systems},
	Title = {Automatic generation of social tags for music recommendation},
	Year = {2007}}

@conference{pampalk05improv,
	Author = {Pampalk, E. and Flexer, A. and Widmer, G.},
	Booktitle = {Proc. International Society for Music Information Retrieval conference (ISMIR)},
	Pages = {628--633},
	Title = {Improvements of audio-based music similarity and genre classification},
	Year = {2005}}

@conference{flexer2006probabilistic,
	Author = {Flexer, A. and Gouyon, F. and Dixon, S. and Widmer, G.},
	Booktitle = {Proc. International Society for Music Information Retrieval conference (ISMIR)},
	Pages = {111--114},
	Title = {{Probabilistic combination of features for music classification}},
	Year = {2006}}

@conference{slaney08,
	Author = {Slaney, M. and Weinberger, K. and White, W.},
	Booktitle = {Proc. International Society for Music Information Retrieval conference (ISMIR)},
	Pages = {313--318},
	Title = {Learning a metric for music similarity},
	Year = {2008}}

@article{casey08,
	Author = {Casey, M. and Rhodes, C. and Slaney, M.},
	Journal = {IEEE Transactions on Audio, Speech and Language Processing},
	Number = {5},
	Pages = {1015-1028},
	Title = {Analysis of Minimum Distances in High-Dimensional Musical Spaces},
	Volume = {16},
	Year = {2008}}

@conference{whitman04,
	Author = {Whitman, B. and Ellis, D.},
	Booktitle = {Proc. International Society for Music Information Retrieval conference (ISMIR)},
	Title = {{Automatic record reviews}},
	Year = {2004}}

@inproceedings{logan2001music,
  title={A music similarity function based on signal analysis},
  author={Logan, B. and Salomon, A.},
  Booktitle={IEEE International Conference on Multimedia and Expo},
  Pages = {745-748},
  Year={2001}
}

@article{berenzweig04,
	Author = {Berenzweig, A. and Logan, B. and Ellis, D., P. W. and Whitman, B.},
	Journal = {Computer Music Journal},
	Number = {2},
	Pages = {63--76},
	Title = {A Large-Scale Evaluation of Acoustic and Subjective Music-Similarity Measures},
	Volume = {28},
	Year = {2004}}

@conference{reed06,
	Author = {Reed, J. and Lee, C.H.},
	Booktitle = {Proc. International Society for Music Information Retrieval conference (ISMIR)},
	Title = {{A study on music genre classification based on universal acoustic models}},
	Pages = {89--94},
	Year = {2006}}

@conference{aucouturier02,
	Author = {Aucouturier, Jean and Pachet, Fran\c{c}ois},
	Booktitle = {Proc. International Society for Music Information Retrieval conference (ISMIR)},
	Pages = {157--163},
	Title = {Music Similarity Measures: What's the use?},
	Year = {2002}}

@article{tzanetakis2002musical,
	Author = {Tzanetakis, G. and Cook, P.},
	Journal = {IEEE Transactions on speech and audio processing},
	Number = {5},
	Pages = {293--302},
	Title = {{Musical genre classification of audio signals}},
	Volume = {10},
	Year = {2002}}

@conference{coviello2012,
	Author = {Coviello, E. and Chan, A., B. and Lanckriet, G.},
	Booktitle = {Neural Information Processing Systems (NIPS 2012)},
	Title = {{The variational hierarchical EM algorithm for clustering hidden Markov models}},
	Year = {2012}}

@conference{coviello_vaizman2012,
	Author = {Coviello, E. and Vaizman, Y. and Chan, A., B. and Lanckriet, G.},
	Booktitle = {13th International Society for Music Information Retrieval Conference (ISMIR 2012)},
	Title = {{Multivariate Autoregressive Mixture Models for Music Autotagging}},
	Year = {2012}}

@conference{hoffman08content,
	Author = {Hoffman, M. and Blei, D. and Cook, P.},
	Booktitle = {Proc. International Society for Music Information Retrieval conference (ISMIR)},
	Pages = {349--354},
	Title = {{Content-based musical similarity computation using the hierarchical Dirichlet process}},
	Year = {2008}}

@article{slaney02a,
	Author = {Slaney, M.},
	Journal = {IEEE International Conference on Acoustics, Speech and Signal Processing},
	Title = {Semantic-audio retrieval},
	Year = {2002}}

@conference{cano2004automatic,
	Author = {Cano, P. and Koppenberger, M.},
	Booktitle = {Proc. IEEE Signal Processing Society Workshop on Machine Learning for Signal Processing.},
	Pages = {391--400},
	Title = {{Automatic sound annotation}},
	Year = {2004}}

@conference{slaney2002mixtures,
	Author = {Slaney, M.},
	Booktitle = {Proc. IEEE Multimedia and Expo},
	Title = {{Mixtures of probability experts for audio retrieval and indexing}},
	Year = {2002}}

@inproceedings{whitman02b,
	Author = {B. Whitman and R. Rifkin},
	Booktitle = {Proc. IEEE Multimedia Signal Processing Conference},
	Month = {December},
	Title = {Musical query-by-description as a multi-class learning problem},
	Year = {2002}}

@conference{mckinney2003features,
	Author = {McKinney, M.F. and Breebaart, J.},
	Booktitle = {Proc. International Society for Music Information Retrieval conference (ISMIR)},
	Title = {{Features for audio and music classification}},
	Pages = {151 --158},
	Year = {2003}}

@conference{essidinferring,
	Author = {Essid, S. and Richard, G. and David, B.},
	Booktitle = {Proc. International Society for Music Information Retrieval conference (ISMIR)},
	Pages = {324 --328},
	Title = {{Inferring efficient hierarchical taxonomies for {MIR} tasks: Application to musical instruments}},
	Year = {2005}}

@article{goto2004recent,
	Author = {Goto, M. and Hirata, K.},
	Journal = {Acoustical Science and Technology},
	Number = {6},
	Pages = {419--425},
	Publisher = {J-STAGE},
	Title = {{Recent studies on music information processing}},
	Volume = {25},
	Year = {2004}}

@article{turnbull2008semantic,
	Author = {D. Turnbull and L. Barrington and D. Torres and Lanckriet},
	Journal = {IEEE Transactions on Audio, Speech, and Language Processing},
	Title = {Semantic annotation and retrieval of music and sound effects},
	Year = {2008}}



@inproceedings{dorettoS03cvpr,
	Author = {Doretto, G. and Soatto, S.},
	Booktitle = {Proc. IEEE CVRP},
	Month = {June},
	Pages = {137--142},
	Title = {Editable dynamic textures},
	Volume = {2},
	Year = {2003}}

@inproceedings{Rao08,
	Address = {La Jolla (LA, USA)},
	Annote = {(accepted)},
	Author = {Shivappa, S. T. and Rao, B. D. and Triverdi, M.},
	Month = {Feb.},
	Title = {{Proc. IEEE ICASSP}},
	Year = {2008}}

@article{Carneiro2007,
	Author = {G. Carneiro and A. B. Chan and P. J. Moreno and N. Vasconcelos},
	Journal = {IEEE Transactions on Pattern Analysis and Machine Intelligence},
	Keywords = {image annotation},
	Month = {March},
	Number = {3},
	Owner = {abc},
	Pages = {394-410},
	Timestamp = {2009.08.09},
	Title = {Supervised Learning of Semantic Classes for Image Annotation and Retrieval},
	Volume = {29},
	Year = {2007}}

@article{Abdallah06,
	Author = {S. Abdallah and M. Sandler and C. Rhodes and M. Casey},
	Journal = {Machine Learning: Special Issue on Machine Learning in and for Music},
	Month = {December},
	Number = {2-3},
	Owner = {abc},
	Pages = {485-515},
	Timestamp = {2008.11.03},
	Title = {Using duration models to reduce fragmentation in audio segmentation},
	Volume = {65},
	Year = {2006}}

@article{music:levy08,
	Author = {M. Levy and M. Sandler},
	Journal = {IEEE Transactions on Audio, Speech and Language Processing},
	Month = {February},
	Number = {2},
	Owner = {abc},
	Pages = {318-326},
	Timestamp = {2008.11.03},
	Title = {Structural Segmentation of Musical Audio by Constrained Clustering},
	Volume = {16},
	Year = {2008}}

@article{Doretto2003,
	Author = {G. Doretto and A. Chiuso and Y. N. Wu and S. Soatto},
	Journal = {Intl. J. Computer Vision},
	Keywords = {dynamic texture,model},
	Number = {2},
	Owner = {abc},
	Pages = {91-109},
	Timestamp = {2007.12.11},
	Title = {Dynamic textures},
	Volume = {51},
	Year = {2003}}

@article{Shumway1982,
	Author = {R. H. Shumway and D. S. Stoffer},
	Journal = {Journal of Time Series Analysis},
	Keywords = {time series,estimation},
	Number = {4},
	Owner = {abc},
	Pages = {253-264},
	Timestamp = {2007.12.11},
	Title = {An approach to time series smoothing and forecasting using the {EM} algorithm},
	Volume = {3},
	Year = {1982}}



@article{Turnbull07,
	Author = {D. Turnbull and L. Barrington and D. Torres and G. Lanckriet},
	Journal = {in Proc. ACM SIGIR},
	Title = {Towards musical query-by-semantic description using the CAL500 data set},
	Year = {2007}}


@article{Chan2008pami,
	Author = {A. B. Chan and N. Vasconcelos},
	Journal = {IEEE Transactions on Pattern Analysis and Machine Intelligence},
	Keywords = {dynamic textures, mixture models, segmentation},
	Number = {5},
	Owner = {abc},
	Pages = {909-926},
	Timestamp = {2008.05.05},
	Title = {Modeling, clustering, and segmenting video with mixtures of dynamic textures},
	Volume = {30},
	Year = {2008}}

@inproceedings{Vasc1998,
	Author = {N. Vasconcelos and A. Lippman},
	Booktitle = {Advances in Neural Information Processing Systems},
	Keywords = {hierarchical EM, clustering},
	Owner = {abc},
	Timestamp = {2009.08.09},
	Title = {Learning Mixture Hierarchies},
	pages={606-612},
	Year = {1998}}

@inproceedings{Chan10cvpr,
	Author = {A.B. Chan and E. Coviello and G. Lanckriet},
	Booktitle = {Proc. IEEE CVPR},
	Status = {submitted},
	Timestamp = {2009.11.20},
	Title = {Clustering Dynamic Textures with the Hierarchical {EM} Algorithm},
	Year = {2010}}

@book{Rabiner93,
	Address = {{Upper Saddle River (NJ, USA)}},
	Author = {L. Rabiner and B. H. Juang},
	Publisher = {Prentice Hall},
	Title = {{Fundamentals of Speech Recognition}},
	Year = {1993}}

@techreport{Stewart92,
	Author = {Stewart, G. W.},
	Institution = {University of Maryland, College Park},
	Journal = {{technical report}},
	Number = {TR-92-108},
	Title = {{Determining Rank in the Presence of Error}},
	Year = {1992}}

@techreport{Chan2010tr,
	Author = {A. B. Chan and E. Coviello and G.R.G. Lanckriet},
	Institution = {City University of Hong Kong},
	Keywords = {dynamic texture,model,classification},
	Owner = {abc},
	Timestamp = {2007.12.11},
	Title = {Derivation of the hierarchical {EM} Algorithm for Dynamic Textures},
	Year = {2010}}

@book{book:Gelb,
	Author = {A. Gelb},
	Keywords = {Kalman filter, optimal estimation, linear systems},
	Owner = {abc},
	Publisher = {MIT Press},
	Timestamp = {2008.02.05},
	Title = {Applied Optimal Estimation},
	Year = {1974}}

@inproceedings{hoffman09,
	Author = {M. Hoffman and D. Blei and P. Cook},
	Booktitle = {Proc. International Society for Music Information Retrieval conference (ISMIR)},
	Title = {Easy as {CBA}: A Simple Probabilistic Model for Tagging Music},
	Pages = {369--374},
	Year = {2009}}

@article{barrington10,
	Author = {L. Barrington and A.B. Chan and G. Lanckriet},
	Journal = {IEEE Transactions on Audio, Speech and Language Processing},
	Number = {3},
	Pages = {602-612},
	Title = {Modeling Music as a Dynamic Texture},
	Volume = {18},
	Year = {2010}}

@article{reynolds00,
	Author = {D. Reynolds and T.F. Quatieri and R.B. Dunn},
	Date-Added = {2006-05-23 20:53:49 -0700},
	Date-Modified = {2006-06-09 20:32:49 -0700},
	Journal = {Digital Signal Processing},
	Pages = {19-41},
	Title = {Speaker Verification Using Adapted Gaussian Mixture Models},
	Volume = {10},
	Year = {2000}}

@inproceedings{tzanetakis09,
	Author = {S.R.~Ness and A.~Theocharis and G.~Tzanetakis and L.G.~Martins},
	Booktitle = {Proc. ACM MULTIMEDIA},
	Pages = {705-708},
	Title = {Improving automatic music tag annotation using stacked generalization of probabilistic SVM outputs},
	Year = {2009}}

@article{Wolf03,
	Author = {Wolf, Lior and Shashua, Amnon},
	Issn = {1532-4435},
	Journal = {J. Mach. Learn. Res.},
	Pages = {913--931},
	Publisher = {JMLR.org},
	Title = {Learning over sets using kernel principal angles},
	Volume = {4},
	Year = {2003}}

@procedings{Saisan01,
	Address = {Los Alamitos, CA, USA},
	Author = {Payam Saisan and Gianfranco Doretto and Ying Nian Wu and Stefano Soatto},
	Date-Modified = {2010-12-20 18:05:20 -0800},
	Issn = {1063-6919},
	Journal = {Proc. IEEE CVPR},
	Pages = {58-65},
	Publisher = {IEEE Computer Society},
	Title = {Dynamic Texture Recognition},
	Volume = {2},
	Year = {2001}}

@inproceedings{Cock00,
	Author = {Katrien De Cock and Katrien De Cock and Bart De Moor and Bart De Moor},
	Booktitle = {Proc. IEEE CDC},
	Title = {Subspace Angles between Linear Stochastic Models},
	Year = {2000}}

@inproceedings{Chan05,
	Address = {Washington, DC, USA},
	Author = {Chan, Antoni B. and Vasconcelos, Nuno},
	Booktitle = {Proc. IEEE CVRP},
	Isbn = {0-7695-2372-2},
	Publisher = {IEEE Computer Society},
	Title = {Probabilistic Kernels for the Classification of Auto-Regressive Visual Processes},
	Year = {2005}}

@conference{Hershey,
	Author = {Hershey, J.R. and Olsen, P.A.},
	Booktitle = {IEEE ICASSP 2007},
	Title = {{Approximating the Kullback-Leibler divergence between Gaussian mixture models}},
	Year = {2007}}

@article{Maaten08,
	Author = {van der Maaten, L. and Hinton, G.},
	Journal = {J. Mach. Learn. Res.},
	Pages = {2579--2605},
	Publisher = {JMLR.org},
	Title = {Visualizing data using t-sne},
	Volume = {9},
	Year = {2008}}

@article{tipping1999,
	Author = {Tipping, M.E. and Bishop, C.M.},
	Journal = {Neural computation},
	Number = {2},
	Pages = {443--482},
	Publisher = {MIT Press},
	Title = {{Mixtures of probabilistic principal component analyzers}},
	Volume = {11},
	Year = {1999}}

@book{bartholomew1987,
	Author = {Bartholomew, D.J. and Knott, M.},
	Publisher = {Griffin London},
	Title = {{Latent variable models and factor analysis}},
	Year = {1987}}

@inproceedings{Tingle10,
	Address = {New York, NY, USA},
	Author = {Tingle, Derek and Kim, Youngmoo E. and Turnbull, Douglas},
	Booktitle = {Proc. MIR},
	Title = {Exploring automatic music annotation with ``acoustically-objectiv'' tags},
	Year = {2010},
}
	
	
%%% riccardo adds on %%%%

@article{mahieux08,
  Author = {T. Bertin-Mahieux and D. Eck and F. Maillet and P. Lamere},
  Title = {Autotagger: a model for Predicting social tags from acoustic features on large music databases},
  Journal = {Journal of New Music Research},
  Year = {2008},
  Volume = {37},
  Number = {2},
  Month = {June},
  Pages = {115-135},
}

@inproceedings{yang09,
    Author = {Y.H. Yang and Y.C. Lin and A. Lee and H. Chen},
    Title = {Improving musical concept detection by ordinal regression and context fusion},
    Booktitle = {Proc. International Society for Music Information Retrieval conference (ISMIR)},
    Pages = {147-152},
    Year = {2009}}

@inproceedings{miotto10,
	Author = {R. Miotto and L. Barrington and G. Lanckriet},
	Title = {Improving Auto-Tagging by Modeling Semantic Co-Occurrences},
	Booktitle = {Proc. International Society for Music Information Retrieval conference (ISMIR)},
	pages = {297--302},
    Year = {2010}}

@article{goto04,
 author = {M. Goto and K. Hirata},
 title = {Recent studies on music information processing},
 journal = {Acoustical Science and Technology},
 volume = {25},
 number = {4},
 year = {2004},
 pages = {419--425}}

@article{carneiro07,
 	author = {G. Carneiro and A.B. Chan and P.J. Moreno and N. Vasconcelos},
 	title = {Supervised Learning of Semantic Classes for Image Annotation and Retrieval},
 	journal = {IEEE Transactions on Pattern Analysis and Machine Intelligence},
 	volume = {29},
 	number = {3},
 	year = {2007},
 	pages = {394--410}}
 	
@inproceedings{rasiwasia09,
	Author = {N. Rasiwasia and N. Vasconcelos},
	Title = {Holistic context modeling using semantic co-occurences},
	Booktitle = {Proc. IEEE CVPR},
    Pages = {1889-1895},
	Year = {2009}}
	
@inproceedings{turnbull08-ismir,
	Author = {D.~Turnbull and L.~Barrington and G.~Lanckriet},
	Title = {Five Approaches to Collecting Tags for Music},
	Booktitle = {Proc. International Society for Music Information Retrieval conference (ISMIR)},
	pages = {225--230},
    Year = {2008}}
